<?xml version="1.0" encoding="UTF-8"?><collection xmlns="http://www.loc.gov/MARC21/slim"><record><leader>00517nam--2200193-i-4500</leader><controlfield tag="001">000023589</controlfield><controlfield tag="002">20161230</controlfield><controlfield tag="005">20161230201035</controlfield><controlfield tag="008">060222s1000------------r-----000-0-rus-d</controlfield><datafield ind1=" " ind2=" " tag="040"><subfield code="a">IFIN-HH</subfield></datafield><datafield ind1=" " ind2=" " tag="041"><subfield code="a">rus</subfield></datafield><datafield ind1=" " ind2=" " tag="080"><subfield code="a">539.12.043:549.514.51</subfield></datafield><datafield ind1="1" ind2=" " tag="100"><subfield code="a">Konozenko, I.D</subfield></datafield><datafield ind1="1" ind2="0" tag="245"><subfield code="a">Radiationnie effecti v kremnii</subfield><subfield code="c">I.d. konozenko, a.k. semeniuk, v.i. hivrici</subfield></datafield><datafield ind1=" " ind2=" " tag="260"><subfield code="a">Kiev</subfield><subfield code="b">Naukova Dumka</subfield><subfield code="c">1974</subfield></datafield><datafield ind1=" " ind2=" " tag="300"><subfield code="a">199P</subfield></datafield><datafield ind1="1" ind2=" " tag="700"><subfield code="a">Hivrici, V.I</subfield></datafield><datafield ind1=" " ind2=" " tag="852"><subfield code="a">75063</subfield><subfield code="c">539.12.04</subfield></datafield><datafield ind1=" " ind2=" " tag="CAT"><subfield code="a">Sys</subfield><subfield code="c">20120222</subfield><subfield code="h">105334</subfield></datafield></record></collection>